<record xmlns="http://www.loc.gov/MARC21/slim">
   <leader>01068ccm a2200313 a 4500</leader>
   <controlfield tag="001">1399470</controlfield>
   <controlfield tag="008">910830s1985    fr zzaa             fre c</controlfield>
   <datafield ind1="2" ind2="1" tag="028">
      <subfield code="a">G.4050.B.</subfield>
      <subfield code="b">G. Billaudot</subfield>
   </datafield>
   <datafield ind1="2" ind2="1" tag="028">
      <subfield code="a">4050.B.</subfield>
      <subfield code="b">G. Billaudot</subfield>
   </datafield>
   <datafield ind1=" " ind2=" " tag="035">
      <subfield code="a">ocm20147043</subfield>
   </datafield>
   <datafield ind1=" " ind2=" " tag="040">
      <subfield code="b">eng</subfield>
   </datafield>
   <datafield ind1=" " ind2=" " tag="045">
      <subfield code="a">x7x8</subfield>
   </datafield>
   <datafield ind1=" " ind2=" " tag="048">
      <subfield code="a">ka01</subfield>
      <subfield code="b">wi01</subfield>
   </datafield>
   <datafield ind1=" " ind2=" " tag="049">
      <subfield code="a">AEU</subfield>
      <subfield code="b">eng</subfield>
   </datafield>
   <datafield ind1=" " ind2="4" tag="050">
      <subfield code="a">M269.R62</subfield>
      <subfield code="b">B4 1985</subfield>
   </datafield>
   <datafield ind1="0" ind2=" " tag="090">
      <subfield code="a">M 269 R62 B485 1985 folio</subfield>
   </datafield>
   <datafield ind1="1" ind2=" " tag="100">
      <subfield code="a">Robert, Lucie.</subfield>
   </datafield>
   <datafield ind1="1" ind2="0" tag="245">
      <subfield code="a">Berceuse pour Rémi</subfield>
      <subfield code="h">[music] :</subfield>
      <subfield code="b">pour saxophone alto et piano /</subfield>
      <subfield code="c">Lucie Robert.</subfield>
   </datafield>
   <datafield ind1=" " ind2=" " tag="260">
      <subfield code="a">Paris :</subfield>
      <subfield code="b">G. Billaudot,</subfield>
      <subfield code="c">c1985.</subfield>
   </datafield>
   <datafield ind1=" " ind2=" " tag="300">
      <subfield code="a">1 score (5 p.) + 1 part ([3] p.) ;</subfield>
      <subfield code="c">31 cm.</subfield>
   </datafield>
   <datafield ind1=" " ind2=" " tag="336">
      <subfield code="a">notated music</subfield>
      <subfield code="b">ntm</subfield>
      <subfield code="2">rdacontent</subfield>
   </datafield>
   <datafield ind1=" " ind2=" " tag="337">
      <subfield code="a">unmediated</subfield>
      <subfield code="b">n</subfield>
      <subfield code="2">rdamedia</subfield>
   </datafield>
   <datafield ind1="1" ind2=" " tag="490">
      <subfield code="a">Enseignement moderne du saxophone.</subfield>
   </datafield>
   <datafield ind1=" " ind2=" " tag="500">
      <subfield code="a">Duration: 5:30.</subfield>
   </datafield>
   <datafield ind1=" " ind2=" " tag="500">
      <subfield code="a">Pl. no.: G.4050.B.</subfield>
   </datafield>
   <datafield ind1=" " ind2=" " tag="596">
      <subfield code="a">43</subfield>
   </datafield>
   <datafield ind1=" " ind2="0" tag="650">
      <subfield code="a">Saxophone and piano music</subfield>
      <subfield code="v">Scores and parts.</subfield>
   </datafield>
   <datafield ind1=" " ind2="0" tag="830">
      <subfield code="a">Enseignement moderne du saxophone.</subfield>
   </datafield>
   <datafield ind1=" " ind2=" " tag="926">
      <subfield code="a">M 269 R62 B485 1985 folio</subfield>
      <subfield code="w">LC</subfield>
      <subfield code="c">1</subfield>
      <subfield code="i">000037506615</subfield>
      <subfield code="d">3/1/2000</subfield>
      <subfield code="l">MUSIC</subfield>
      <subfield code="m">UAHSS</subfield>
      <subfield code="n">2</subfield>
      <subfield code="p">$150.00</subfield>
      <subfield code="r">Y</subfield>
      <subfield code="s">Y</subfield>
      <subfield code="t">MUSICSCORE</subfield>
      <subfield code="u">9/4/1991</subfield>
   </datafield>
</record>
